@misc{kaggleAirbnbPrices,
	author = {},
	title = {{A}irbnb {P}rices in {E}uropean {C}ities --- kaggle.com},
	howpublished = {\url{https://www.kaggle.com/datasets/thedevastator/airbnb-prices-in-european-cities?select=amsterdam_weekdays.csv}},
	year = {},
	note = {[Accessed 05-06-2024]},
}

@article{cohen2009pearson,
  title={Pearson correlation coefficient},
  author={Cohen, Israel and Huang, Yiteng and Chen, Jingdong and Benesty, Jacob and Benesty, Jacob and Chen, Jingdong and Huang, Yiteng and Cohen, Israel},
  journal={Noise reduction in speech processing},
  pages={1--4},
  year={2009},
  publisher={Springer}
}


@article{guttentag2019progress,
  title={Progress on Airbnb: a literature review},
  author={Guttentag, Daniel},
  journal={Journal of Hospitality and Tourism Technology},
  volume={10},
  number={4},
  pages={814--844},
  year={2019},
  publisher={Emerald Publishing Limited}
}

@article{halket2020housing,
  title={The housing stock, housing prices, and user costs: The roles of location, structure, and unobserved quality},
  author={Halket, Jonathan and Nesheim, Lars and Oswald, Florian},
  journal={International Economic Review},
  volume={61},
  number={4},
  pages={1777--1814},
  year={2020},
  publisher={Wiley Online Library}
}

@article{mishra2019descriptive,
  title={Descriptive statistics and normality tests for statistical data},
  author={Mishra, Prabhaker and Pandey, Chandra M and Singh, Uttam and Gupta, Anshul and Sahu, Chinmoy and Keshri, Amit},
  journal={Annals of cardiac anaesthesia},
  volume={22},
  number={1},
  pages={67--72},
  year={2019},
  publisher={Medknow}
}


@article{kim2015t,
  title={T test as a parametric statistic},
  author={Kim, Tae Kyun},
  journal={Korean journal of anesthesiology},
  volume={68},
  number={6},
  pages={540},
  year={2015},
  publisher={Korean Society of Anesthesiologists}
}
